<?xml version="1.0" encoding="UTF-8"?><collection xmlns="http://www.loc.gov/MARC21/slim"><record><leader>00330nam--2200133-i-4500</leader><controlfield tag="001">000014983</controlfield><controlfield tag="002">20161230</controlfield><controlfield tag="005">20161230201031</controlfield><controlfield tag="008">060222s1000------------r-----000-0-eng-d</controlfield><datafield ind1=" " ind2=" " tag="080"><subfield code="a">621.3.049.77</subfield></datafield><datafield ind1=" " ind2=" " tag="100"><subfield code="a">Dean, K. J</subfield></datafield><datafield ind1=" " ind2=" " tag="245"><subfield code="a">Integrated electronics</subfield></datafield><datafield ind1=" " ind2=" " tag="260"><subfield code="a">London, Chapman And Hall Ltd., 1967. Xi + 132 P</subfield></datafield><datafield ind1=" " ind2=" " tag="852"><subfield code="a">76202</subfield></datafield></record></collection>